@ARTICLE{gams,
	author = {GAMS Development Corporation},
	title = "{General Algebraic Modeling System (GAMS). Release 24.0.2}",
	journal = {ApJ},
	archivePrefix = "arXiv",
	eprint = {1506.03836},
	keywords = {galaxies: high-redshift, galaxies: ISM, ISM: clouds, line: formation, radiative transfer, scattering},
	year = 2015,
	month = oct,
	volume = 812,
	eid = {123},
	pages = {123},
	doi = {10.1088/0004-637X/812/2/123},
	adsurl = {http://adsabs.harvard.edu/abs/2015ApJ...812..123G},
	adsnote = {Provided by the SAO/NASA Astrophysics Data System}
}

@MISC{boletinuniandes, 
    title={Bolet\'in estad\'istico Uniandes 2015},
    author={Direcci\'on de Planeaci\'on y Evaluaci\'on Universidad de los Andes},
    url={https://planeacion.uniandes.edu.co/dmdocuments/Boletin_estadistico_2015.pdf}, 
    journal={Bolet\'in estad\'istico Uniandes}, 
    publisher={Universidad de los Andes}
}